@article{NovAdd,
  title = {Novikov Additivity},
  author = {Greg Friedman}
}


@article{MuSig,
	author ={Gregory Maxwell, Andrew Poelstra, Yannick Seurin, Pieter Wuille},
	title = {Simple Schnorr Multi-Signatures with Applications to Bitcoin},
	year = {2018}
}


@article{Nakamoto,
	author = {Satoshi Nakamoto},
	title = {Bitcoin: A Peer-to-Peer Electronic Cash System},
	year = {2008}
}


@book{Koblitz,
	author = {Neal Koblitz},
	title = {A Course in Number Theory and Cryptography},
	year = {1987},
	publisher = {Springer-Verlag}
}


@article{ECDSA,
	author = {Don B. Johnson, Alfred J. Menezes},
	title = {Elliptic Curve DSA (ECDSA): An Enhanced DSA},
	year = {1998}
}

@misc{graf,
	title = {Andre Corbellini},
	year = {2015},
	howpublished = {\url{http://andrea.corbellini.name}}
}


@misc{wiki,
	title = {Wikipedia},
	howpublished = {\url{https://en.wikipedia.org}}
}


@misc{ECC,
	author = {Bundesamt fur Sicherheit in der Informationstechnik},
	title = {Elliptic Curve Cryptography},
	year = {2007}
}


@book{UndCrypt,
	author = {Christof Paar, Jan Pelzl},
	title = {Understanding Cryptography},
	year = {2010},
	publisher = {Springer}
}


@misc{CriptExchange,
	title = {Crypto stackExchange},
	howpublished = {\url{https://crypto.stackexchange.com}}
}


@misc{History1,
	title = {Inquiers Journal},
	howpublished = {\url{http://www.inquiriesjournal.com}}
}

@misc{EnBrit,
	title = {Encyclop\ae dya Britannica},
	howpublished = {\url{https://www.britannica.com}}
}

@article{Schnorr,
	title = {Efficient Signature Generation by Smart Cards},
	author = {Claus Pieter Schnorr},
	year = {1991}
}


@misc{BitcoinCore,
	title = {Bitcoin Core},
	howpublished = {\url{https://bitcoincore.org}}
}